<?xml version="1.0" encoding="UTF-8"?><collection><record><leader>02290ntm a2200397 a 4500</leader><controlfield tag="001">002594321</controlfield><controlfield tag="003">MiAaHDL</controlfield><controlfield tag="005">20190719000000.0</controlfield><controlfield tag="006">m        d        </controlfield><controlfield tag="007">cr bn ---auaua</controlfield><controlfield tag="008">930210s1707    xx            00||  ara d</controlfield><datafield tag="035" ind1=" " ind2=" "><subfield code="a">(MiU)002594321</subfield></datafield><datafield tag="035" ind1=" " ind2=" "><subfield code="a">sdr-miu002594321</subfield></datafield><datafield tag="035" ind1=" " ind2=" "><subfield code="a">(OCoLC)34365720</subfield></datafield><datafield tag="035" ind1=" " ind2=" "><subfield code="a">(RLIN)MIUH93-A10</subfield></datafield><datafield tag="040" ind1=" " ind2=" "><subfield code="a">MiU</subfield><subfield code="c">MiU</subfield><subfield code="d">MiU</subfield></datafield><datafield tag="100" ind1="0" ind2=" "><subfield code="6">880-01</subfield><subfield code="a">Sahl ibn Bishr,</subfield><subfield code="d">fl. 822-850.</subfield></datafield><datafield tag="245" ind1="1" ind2="3"><subfield code="6">880-02</subfield><subfield code="a">al-Masāʾil fī al-aḥkām :</subfield><subfield code="k">manuscript,</subfield><subfield code="f">[1707].</subfield></datafield><datafield tag="300" ind1=" " ind2=" "><subfield code="a">1</subfield><subfield code="f">v. ([178] p.) :</subfield><subfield code="b">ill. ;</subfield><subfield code="c">22 cm.</subfield></datafield><datafield tag="500" ind1=" " ind2=" "><subfield code="a">Contains diagrams and tables.</subfield></datafield><datafield tag="500" ind1=" " ind2=" "><subfield code="a">In Maghribī script.</subfield></datafield><datafield tag="500" ind1=" " ind2=" "><subfield code="a">Text and notes rubricated; marginal notes mostly in hand of copyist, some in another, non-Maghribī hand; tables in pp. [76-78] are in a different hand and probably were not originally part of this ms.</subfield></datafield><datafield tag="500" ind1=" " ind2=" "><subfield code="a">Date and copyist's name in colophon: tammat al-Masāyil ... ʻalá yad al-faqīr ... ʻUmar Siwāh Maḥmūd ibn Yūsuf ibn Muḥammad ibn Muḥammad al-Saʻīdānī[?] al-Andalusī ... wāfaqa al-farāgh min nuskhatihi yawm al-ithnayn thāmin ʻashar Rabīʻ al-thānī sanat 1119 tisʻah ʻashar baʻd mīyah wa-alf ʻalá al-hijrah [19 July 1707].</subfield></datafield><datafield tag="500" ind1=" " ind2=" "><subfield code="a">Text (not this copy) published.</subfield></datafield><datafield tag="510" ind1="4" ind2=" "><subfield code="a">GAS,</subfield><subfield code="c">v. VII, p. 125; King, Survey, p. 33; EI2, v. i, p. 1102a.</subfield></datafield><datafield tag="520" ind1=" " ind2=" "><subfield code="a">On astrology. Pp. [73-74] seem to be a separate faṣl in the same hand on the leap-year.</subfield></datafield><datafield tag="538" ind1=" " ind2=" "><subfield code="a">Mode of access: Internet.</subfield></datafield><datafield tag="541" ind1=" " ind2=" "><subfield code="d">07/--/36</subfield><subfield code="3">Manuscript</subfield><subfield code="a">McGregor Fund</subfield><subfield code="c">Purchase, 1933/34</subfield><subfield code="h">25 p.t.</subfield></datafield><datafield tag="545" ind1=" " ind2=" "><subfield code="a">Jewish (?) astromer; translator of Ptolemy's De electionibus.</subfield></datafield><datafield tag="561" ind1=" " ind2=" "><subfield code="a">Purchased in Cairo, 1933/34. Owners' marks: inside cover, manuscript notes in handwriting of Max Meyerhof and Louis Charles Karpinski.</subfield></datafield><datafield tag="650" ind1=" " ind2="0"><subfield code="a">Astrology, Arab</subfield><subfield code="y">Early works to 1800.</subfield></datafield><datafield tag="650" ind1=" " ind2="0"><subfield code="a">Astronomy, Arab</subfield><subfield code="y">Early works to 1800.</subfield></datafield><datafield tag="650" ind1=" " ind2="0"><subfield code="a">Manuscripts, Arabic</subfield><subfield code="z">Michigan</subfield><subfield code="z">Ann Arbor.</subfield></datafield><datafield tag="700" ind1="1" ind2=" "><subfield code="a">Meyerhof, Max,</subfield><subfield code="d">1874-1945,</subfield><subfield code="e">former owner.</subfield></datafield><datafield tag="773" ind1="0" ind2=" "><subfield code="7">unbc</subfield><subfield code="a">Tracy W. McGregor Collection of Arabic, Persian, and Turkish Mathematical and Astronomical Manuscripts.</subfield><subfield code="w">(CStRLIN)MIUH92-A20.</subfield></datafield><datafield tag="880" ind1="1" ind2="2"><subfield code="6">245-02/</subfield><subfield code="a">المسائل في الأحكام :</subfield><subfield code="k">manuscript،</subfield><subfield code="f">[1707].</subfield></datafield><datafield tag="880" ind1="0" ind2=" "><subfield code="6">100-01/</subfield><subfield code="a">سهل بن بشر.</subfield></datafield><datafield tag="CID" ind1=" " ind2=" "><subfield code="a">002594321</subfield></datafield><datafield tag="DAT" ind1="0" ind2=" "><subfield code="a">20190719102632.0</subfield><subfield code="b">20190719000000.0</subfield></datafield><datafield tag="DAT" ind1="1" ind2=" "><subfield code="a">20190719090653.0</subfield><subfield code="b">2019-07-19T16:10:36Z</subfield></datafield><datafield tag="DAT" ind1="2" ind2=" "><subfield code="a">2015-10-10T18:00:06Z</subfield></datafield><datafield tag="CAT" ind1=" " ind2=" "><subfield code="a">SDR-MIU</subfield><subfield code="d">EX LIBRIS - ALEPH</subfield><subfield code="l">prepare.pl-004-008</subfield></datafield><datafield tag="FMT" ind1=" " ind2=" "><subfield code="a">BK</subfield></datafield><datafield tag="HOL" ind1=" " ind2=" "><subfield code="0">sdr-miu002594321</subfield><subfield code="a">MiU</subfield><subfield code="b">SDR</subfield><subfield code="c">MIU</subfield><subfield code="p">mdp.39015081447222</subfield><subfield code="s">MIU</subfield><subfield code="1">002594321</subfield></datafield><datafield tag="974" ind1=" " ind2=" "><subfield code="b">MIU</subfield><subfield code="c">MIU</subfield><subfield code="d">20190719</subfield><subfield code="s">lit-dlps-dc</subfield><subfield code="u">mdp.39015081447222</subfield><subfield code="y">1707</subfield><subfield code="r">pd</subfield><subfield code="q">bib</subfield><subfield code="t">non-US bib date1 &lt; 1896</subfield></datafield></record></collection>